@misc{music-generation-history,
    doi = {10.48550/ARXIV.2004.03586},
    url = {https://arxiv.org/abs/2004.03586},
    author = {Briot, Jean-Pierre},
    keywords = {Audio and Speech Processing (eess.AS), Machine Learning (cs.LG), Multimedia (cs.MM), Sound (cs.SD), Machine Learning (stat.ML), FOS: Electrical engineering, electronic engineering, information engineering, FOS: Electrical engineering, electronic engineering, information engineering, FOS: Computer and information sciences, FOS: Computer and information sciences},
    title = {From Artificial Neural Networks to Deep Learning for Music Generation -- History, Concepts and Trends},
    publisher = {arXiv},
    year = {2020},
    copyright = {arXiv.org perpetual, non-exclusive license}
}

@book{sound,
    title = {Designing Sound},
    author = {Farnell, A.},
    isbn = {9780262288835},
    lccn = {2009050741},
    series = {The MIT Press},
    url = {https://books.google.cz/books?id=eMPxCwAAQBAJ},
    year = {2010},
    publisher = {MIT Press}
}

@misc{music-theory,
    author = {Robert Hutchinson},
    title = {Music Theory for the 21st-Century Classroom},
    publisher = {University of Puget Sound},
    address = {Tacoma, Washington},
    year = {2020},
    edition = {August 2020 version},
    medium = {online},
    accessed = {2022-04-20},
    URL = {https://musictheory.pugetsound.edu/hw/MusicTheory-Aug-2020.pdf},
}

@online{music-theory-andrew,
    author = {Mark Andrew Cook},
    title = {Music Theory},
    year = {2012},
    edition = {v. 1.0},
    urldate = {2022-04-21},
    url = {https://2012books.lardbucket.org/pdfs/music-theory.pdf},
}

@book{history-of-western-music,
    title = {A History of Western Music},
    author = {Burkholder, J. Peter and Grout, Donald Jay and Palisca, Claude V.},
    publisher = {W. W. Norton \& Company},
    year = {2019},
    month = {7},
    day = {1},
    date = {2019-07-01},
    edition = {Hardcover},
    language = {English},
    pages = {1084},
    keywords = {Music History & Criticism, Music Theory, Music},
    isbn = {978-0393668179},
    isbn10 = {0393668177},
    url = {https://lead.to/amazon/com/?op=bt&la=en&cu=usd&key=0393668177},
    url-am = {https://www.amazon.com/dp/0393668177/},
    url-go = {https://books.google.com/books?isbn=9780393668179},
    url-wo = {https://www.worldcat.org/search?qt=l2a&q=isbn%3A9780393668179},
    price = {$125.87},
    condition = {New},
    timestamp = {2022-04-23},
}

@online{brief-history-of-algo-composition,
    author = {A. John Maurer},
    journal = {Center for Computer Research in Music and Acoustics},
    title = {A Brief History of Algorithmic Composition},
    publisher = {Stanford University},
    address = {Stanford, California},
    copyright = {c2009},
    urldate = {2022-04-23},
    url = {https://ccrma.stanford.edu/~blackrse/algorithm.html},
}

@inproceedings{attention-is-all-you-need,
    author = {Vaswani, Ashish and Shazeer, Noam and Parmar, Niki and Uszkoreit, Jakob and Jones, Llion and Gomez, Aidan N and Kaiser, \L ukasz and Polosukhin, Illia},
    booktitle = {Advances in Neural Information Processing Systems},
    editor = {I. Guyon and U. Von Luxburg and S. Bengio and H. Wallach and R. Fergus and S. Vishwanathan and R. Garnett},
    pages = {},
    publisher = {Curran Associates, Inc.},
    title = {Attention is All you Need},
    url = {https://proceedings.neurips.cc/paper/2017/file/3f5ee243547dee91fbd053c1c4a845aa-Paper.pdf},
    volume = {30},
    year = {2017},
    urldate = {2022-04-23}
}

@article{markov-chains,
    doi = {10.5642/jhummath.202102.08},
    url = {https://doi.org/10.5642/jhummath.202102.08},
    year = {2021},
    month = jul,
    publisher = {Claremont Colleges Library},
    volume = {11},
    number = {2},
    pages = {167--195},
    author = {Ilana Shapiro and Mark Huber},
    title = {Markov Chains for Computer Music Generation},
    journal = {Journal of Humanistic Mathematics}
}

@article{computational-creativity,
    doi = {10.3389/frai.2020.00014},
    url = {https://doi.org/10.3389/frai.2020.00014},
    year = {2020},
    month = apr,
    publisher = {Frontiers Media {SA}},
    volume = {3},
    author = {Filippo Carnovalini and Antonio Rod{\`{a}}},
    title = {Computational Creativity and Music Generation Systems: An Introduction to the State of the Art},
    journal = {Frontiers in Artificial Intelligence}
}

@article{illiac-suite,
    author = {Sandred, Örjan and Laurson, Mikael and Kuuskankare, Mika},
    year = {2009},
    month = {01},
    pages = {42-46},
    title = {Revisiting the Illiac Suite - A rule-based approach to stochastic processes},
    volume = {2},
    journal = {Sonic Ideas/Ideas Sonicas}
}

@article{ebcioglu,
    doi = {10.2307/3680335},
    url = {https://doi.org/10.2307/3680335},
    year = {1988},
    publisher = {{JSTOR}},
    volume = {12},
    number = {3},
    pages = {43},
    author = {Kemal Ebcioglu},
    title = {An Expert System for Harmonizing Four-Part Chorales},
    journal = {Computer Music Journal}
}

@misc{about-ai,
    doi = {10.48550/ARXIV.1804.01396},
    url = {https://arxiv.org/abs/1804.01396},
    author = {Shabbir, Jahanzaib and Anwer, Tarique},
    keywords = {Artificial Intelligence (cs.AI), Computer Vision and Pattern Recognition (cs.CV), FOS: Computer and information sciences, FOS: Computer and information sciences},
    title = {Artificial Intelligence and its Role in Near Future},
    publisher = {arXiv},
    year = {2018},
    copyright = {arXiv.org perpetual, non-exclusive license}
}

@article{first-ann-mgs,
    ISSN = {01489267, 15315169},
    URL = {http://www.jstor.org/stable/3679551},
    author = {Peter M. Todd},
    journal = {Computer Music Journal},
    number = {4},
    pages = {27--43},
    publisher = {The MIT Press},
    title = {A Connectionist Approach to Algorithmic Composition},
    urldate = {2022-05-05},
    volume = {13},
    year = {1989}
}

@book{feed-forward-ann-mgs,
    title = {Music and Connectionism},
    author = {Todd, Peter M and Loy, Gareth},
    publisher = {MIT Press},
    month = oct,
    year = 1991,
    address = {London, England}
}

@article{LSTMs,
    author = {Hochreiter, Sepp and Schmidhuber, Jürgen},
    year = {1997},
    month = {12},
    pages = {1735-80},
    title = {Long Short-term Memory},
    volume = {9},
    journal = {Neural computation},
    doi = {10.1162/neco.1997.9.8.1735}
}

@article{LSTM-mgs,
    title = {Finding temporal structure in music: blues improvisation with LSTM recurrent networks},
    author = {Douglas Eck and J{\"u}rgen Schmidhuber},
    journal = {Proceedings of the 12th IEEE Workshop on Neural Networks for Signal Processing},
    year = {2002},
    pages = {747-756}
}

@misc{gans,
    doi = {10.48550/ARXIV.1406.2661},
    url = {https://arxiv.org/abs/1406.2661},
    author = {Goodfellow, Ian J. and Pouget-Abadie, Jean and Mirza, Mehdi and Xu, Bing and Warde-Farley, David and Ozair, Sherjil and Courville, Aaron and Bengio, Yoshua},
    keywords = {Machine Learning (stat.ML), Machine Learning (cs.LG), FOS: Computer and information sciences, FOS: Computer and information sciences},
    title = {Generative Adversarial Networks},
    publisher = {arXiv},
    year = {2014},
    copyright = {arXiv.org perpetual, non-exclusive license},
    urldate = {2022-05-05}
}

@manual{sound-representation,
    author = {{K. Lisa Yang Center for Conservation Bioacoustics}},
    title = {Raven Pro 1.4 User's Manual},
    date = {2010-12-10},
    language = {English},
    version = {Revision 11},
    organization = {{K. Lisa Yang Center for Conservation Bioacoustics}},
    chapter = {A},
    url = {https://ravensoundsoftware.com/wp-content/uploads/2017/11/Raven14UsersManual.pdf},
    urldate = {2022-05-05}
}

@misc{smyth_2019,
    title = {Music 270a: Fundamentals of Digital Audio and Discrete-Time Signals},
    url = {http://musicweb.ucsd.edu/~trsmyth/digitalAudio/digitalAudio_4up.pdf},
    author = {Smyth, Tamara},
    date = {2019-09-30},
    publisher = {University of California, San Diego},
    urldate = {2022-05-05}
}

@article{understanding-midi,
    author = {de Oliveira, Hélio and Oliveira, Raimundo},
    year = {2017},
    month = {05},
    pages = {},
    title = {Understanding MIDI: A Painless Tutorial on Midi Format},
    url = {https://www.researchgate.net/publication/316955785_Understanding_MIDI_A_Painless_Tutorial_on_Midi_Format},
    urldate = {2022-05-05}
}

@book{ann-basics,
    title = {An Introduction To and Applications of Neural Networks},
    url = {https://www.whitman.edu/Documents/Academics/Mathematics/2017/Oken.pdf},
    journal = {Whitman College},
    author = {Oken, Adam},
    year = {2017},
    month = {5},
    urldate = {2022-05-05}
}

@misc{learning-rate,
    title = {How to Configure the Learning Rate Hyperparameter When Training Deep Learning Neural Networks},
    url = {https://machinelearningmastery.com/learning-rate-for-deep-learning-neural-networks/},
    journal = {Machine Learning Mastery},
    author = {Brownlee, Jason},
    year = {2019},
    month = {8},
    urldate = {2022-05-05}
}

@misc{dert,
    doi = {10.48550/ARXIV.2005.12872},
    url = {https://arxiv.org/abs/2005.12872},
    author = {Carion, Nicolas and Massa, Francisco and Synnaeve, Gabriel and Usunier, Nicolas and Kirillov, Alexander and Zagoruyko, Sergey},
    keywords = {Computer Vision and Pattern Recognition (cs.CV), FOS: Computer and information sciences, FOS: Computer and information sciences},
    title = {End-to-End Object Detection with Transformers},
    publisher = {arXiv},
    year = {2020},
    copyright = {Creative Commons Zero v1.0 Universal},
    urldate = {2022-05-05}
}

@misc{vision-transformer,
    doi = {10.48550/ARXIV.2010.11929},
    url = {https://arxiv.org/abs/2010.11929},
    author = {Dosovitskiy, Alexey and Beyer, Lucas and Kolesnikov, Alexander and Weissenborn, Dirk and Zhai, Xiaohua and Unterthiner, Thomas and Dehghani, Mostafa and Minderer, Matthias and Heigold, Georg and Gelly, Sylvain and Uszkoreit, Jakob and Houlsby, Neil},
    keywords = {Computer Vision and Pattern Recognition (cs.CV), Artificial Intelligence (cs.AI), Machine Learning (cs.LG), FOS: Computer and information sciences, FOS: Computer and information sciences},
    title = {An Image is Worth 16x16 Words: Transformers for Image Recognition at Scale},
    publisher = {arXiv},
    year = {2020},
    copyright = {arXiv.org perpetual, non-exclusive license},
    urldate = {2022-05-05}
}

@misc{image-transformer,
    doi = {10.48550/ARXIV.1802.05751},
    url = {https://arxiv.org/abs/1802.05751},
    author = {Parmar, Niki and Vaswani, Ashish and Uszkoreit, Jakob and Kaiser, Łukasz and Shazeer, Noam and Ku, Alexander and Tran, Dustin},
    keywords = {Computer Vision and Pattern Recognition (cs.CV), FOS: Computer and information sciences, FOS: Computer and information sciences},
    title = {Image Transformer},
    publisher = {arXiv},
    year = {2018},
    copyright = {arXiv.org perpetual, non-exclusive license},
    urldate = {2022-05-05}
}

@inproceedings{gpt1,
    url = {https://cdn.openai.com/research-covers/language-unsupervised/language_understanding_paper.pdf},
    title={Improving Language Understanding by Generative Pre-Training},
    author={Alec Radford and Karthik Narasimhan and Tim Salimans and Ilya Sutskever},
    year={2018},
    publisher = {OpenAI LP},
    urldate = {2022-05-05}
}

@inproceedings{gpt2,
    url = {https://cdn.openai.com/better-language-models/language_models_are_unsupervised_multitask_learners.pdf},
    title={Language Models are Unsupervised Multitask Learners},
    author={Alec Radford and Jeffrey Wu and Rewon Child and David Luan and Dario Amodei and Ilya Sutskever},
    year={2018},
    publisher = {OpenAI LP},
    urldate = {2022-05-05}
}

@misc{gpt3,
    doi = {10.48550/ARXIV.2005.14165},
    url = {https://arxiv.org/abs/2005.14165},
    author = {Brown, Tom B. and Mann, Benjamin and Ryder, Nick and Subbiah, Melanie and Kaplan, Jared and Dhariwal, Prafulla and Neelakantan, Arvind and Shyam, Pranav and Sastry, Girish and Askell, Amanda and Agarwal, Sandhini and Herbert-Voss, Ariel and Krueger, Gretchen and Henighan, Tom and Child, Rewon and Ramesh, Aditya and Ziegler, Daniel M. and Wu, Jeffrey and Winter, Clemens and Hesse, Christopher and Chen, Mark and Sigler, Eric and Litwin, Mateusz and Gray, Scott and Chess, Benjamin and Clark, Jack and Berner, Christopher and McCandlish, Sam and Radford, Alec and Sutskever, Ilya and Amodei, Dario},
    keywords = {Computation and Language (cs.CL), FOS: Computer and information sciences, FOS: Computer and information sciences},
    title = {Language Models are Few-Shot Learners},
    publisher = {arXiv},
    year = {2020},
    copyright = {arXiv.org perpetual, non-exclusive license},
    urldate = {2022-05-05}
}

@misc{residual-connection,
    doi = {10.48550/ARXIV.1512.03385},
    url = {https://arxiv.org/abs/1512.03385},
    author = {He, Kaiming and Zhang, Xiangyu and Ren, Shaoqing and Sun, Jian},
    keywords = {Computer Vision and Pattern Recognition (cs.CV), FOS: Computer and information sciences, FOS: Computer and information sciences},
    title = {Deep Residual Learning for Image Recognition},
    publisher = {arXiv},
    year = {2015},
    copyright = {arXiv.org perpetual, non-exclusive license},
    urldate = {2022-05-05}
}

@misc{layer-normalization,
    doi = {10.48550/ARXIV.1607.06450},
    url = {https://arxiv.org/abs/1607.06450},
    author = {Ba, Jimmy Lei and Kiros, Jamie Ryan and Hinton, Geoffrey E.},
    keywords = {Machine Learning (stat.ML), Machine Learning (cs.LG), FOS: Computer and information sciences, FOS: Computer and information sciences},
    title = {Layer Normalization},
    publisher = {arXiv},
    year = {2016},
    copyright = {arXiv.org perpetual, non-exclusive license},
    urldate = {2022-05-05}
}

@misc{illustrated-transformer,
    title={The Illustrated Transformer},
    url={https://jalammar.github.io/illustrated-transformer/},
    journal={jalammar.github.io},
    author={Alammar, Jay},
    year={2018},
    month={6},
    urldate = {2022-05-05}
}

@misc{embeddings,
    doi = {10.48550/ARXIV.2004.00053},
    url = {https://arxiv.org/abs/2004.00053},
    author = {Song, Congzheng and Raghunathan, Ananth},
    keywords = {Machine Learning (cs.LG), Computation and Language (cs.CL), Cryptography and Security (cs.CR), Machine Learning (stat.ML), FOS: Computer and information sciences, FOS: Computer and information sciences},
    title = {Information Leakage in Embedding Models},
    publisher = {arXiv},
    year = {2020},
    copyright = {arXiv.org perpetual, non-exclusive license},
    urldate = {2022-05-05}
}
